@online{
    vulkan,
    author = {{Khronos}},
    title  = {Vulkan Overview},
    url    = {https://www.khronos.org/vulkan},
    year   = {2018}
}

@online {
    vulkan_docs,
    author = {{Khronos}},
    title  = {Vulkan 1.1.78 - A Specification},
    url    = {https://www.khronos.org/registry/vulkan/specs/1.1-khr-extensions/html/vkspec.html},
    year   = {2018}
}

@online {
    glfw_vulkan,
    author = {{GLFW}},
    title  = {GLFW: Vulkan reference},
    url    = {http://www.glfw.org/docs/latest/group__vulkan.html},
    year   = {2016}
}

@online {
    vulkan_mem_mgmt,
    author = {{NVidia}},
    title  = {Vulkan Memory Management},
    url    = {https://developer.nvidia.com/vulkan-memory-management},
    year   = {2016}
}

@online {
    vulkan_tutorial,
    author = {{Alexander Overvoorde}},
    title  = {Vulkan Tutorial},
    url    = {https://vulkan-tutorial.com},
    year   = {2016}
}

@online {
    vulkan_validation_layers,
    author = {{Daniel Rakos}},
    title  = {Using the Vulkan Validation Layers},
    url    = {https://gpuopen.com/using-the-vulkan-validation-layers},
    year   = {2016}
}

@online {
    gdnative_post,
    author = {{Thomaz Herzog}},
    title  = {GDNative is here!},
    url    = {https://godotengine.org/article/dlscript-here},
    year   = {2017}
}

@online {
    gdnative_architecture,
    author = {{Thomaz Herzog}},
    title  = {A look at the GDNative architecture},
    url    = {https://godotengine.org/article/look-gdnative-architecture},
    year   = {2018}
}

@book {
    shirley_fcg:2002,
    author = {Peter Shirley},
    title = {Fundamentals of Computer Graphics},
    edition = {First},
    year = {2002},
    publisher = {Taylor \& Francis, ISBN: 1568811241, 9781568811246}
}

@article {
    telea:2004,
    author  = {Alexandru Telea},
    title   = {An Image Inpainting Technique Based on the Fast Marching Method},
    year    = {2004},
    journal = {Journal of Graphical Tools},
    volume  = {9},
    number  = {1},
    pages   = {25--36},
}
